@misc{ali_bosche_ford_2018, 
    title={Cybersecurity Is the Key to Unlocking Demand in the Internet of Things}, 
    url={https://www.bain.com/insights/cybersecurity-is-the-key-to-unlocking-demand-in-the-internet-of-things/}, 
    journal={Bain Brief - Bain & Company}, 
    author={Ali, Syed and Bosche, Ann and Ford, Frank}, year={2018}, month={Oct}}

@misc{suit, 
    title={Software Updates for Internet of Things (suit)}, 
    url={https://datatracker.ietf.org/wg/suit/about/}, 
    journal={Software Updates for Internet of Things (suit) }}
